@misc{bruno,
	Author = {Ferreira, Bruno},
	Instituition = {IFMG},
	Title= {Introdução a linguagem Java}.
}

@misc{1,
	Author = {Vieira, Newton José and Barbosa, Isabel Gomes},
	Title= {Máquinas de Estados Finitos}.
}
